@article{Sompolinsky1988,
author = {Sompolinsky, H and Crisanti, A and Sommers, H.},
doi = {10.1103/PhysRevLett.61.259},
file = {:home/prozdeba/Documents/Mendeley Desktop/Sompolinsky, Crisanti, Sommers/Physical Review Letters/PhysRevLett.61.259-1.pdf:pdf},
issn = {0031-9007},
journal = {Physical Review Letters},
keywords = {doi:10.1103/PhysRevLett.61.259 url:http://dx.doi.o},
month = jul,
number = {3},
pages = {259--262},
title = {{Chaos in random neural networks}},
url = {http://link.aps.org/doi/10.1103/PhysRevLett.61.259},
volume = {61},
year = {1988}
}
