@article{Sompolinsky1988,
author = {Sompolinsky, H and Crisanti, A and Sommers, H.},
doi = {10.1103/PhysRevLett.61.259},
file = {:home/prozdeba/Documents/Mendeley Desktop/Sompolinsky, Crisanti, Sommers/Physical Review Letters/PhysRevLett.61.259-1.pdf:pdf},
issn = {0031-9007},
journal = {Physical Review Letters},
keywords = {doi:10.1103/PhysRevLett.61.259 url:http://dx.doi.o},
month = jul,
number = {3},
pages = {259--262},
title = {{Chaos in random neural networks}},
url = {http://link.aps.org/doi/10.1103/PhysRevLett.61.259},
volume = {61},
year = {1988}
}

@article{Abarbanel2009,
author = {Abarbanel, Henry D. I. and Creveling, Daniel R. and Farsian, Reza and Kostuk, Mark},
doi = {10.1137/090749761},
file = {:Users/paul/Documents/Mendeley Desktop/Abarbanel et al/2009/Abarbanel et al. - 2009 - Dynamical State and Parameter Estimation.pdf:pdf},
issn = {1536-0040},
journal = {SIAM Journal on Applied Dynamical Systems},
keywords = {090749761,10,1137,37m10,49m30,65k10,65p40,ams subject classifications,conditional lyapunov exponents,data assimilation,doi,estimation in non-,linear systems,nonlinear prediction,synchronization manifold},
month = jan,
number = {4},
pages = {1341--1381},
title = {{Dynamical State and Parameter Estimation}},
url = {http://epubs.siam.org/doi/abs/10.1137/090749761},
volume = {8},
year = {2009}
}
